@inproceedings{Blinn:1978:SWS:800248.507101,
	author = {Blinn, James F.},
	title = {Simulation of wrinkled surfaces},
	booktitle = {Proc. of ACM SIGGRAPH},
	year = {1978},
	pages = {286--292}
	}

@MISC{Kilgard00apractical,
	author = {Mark J. Kilgard},
	title = {A practical and robust bump-mapping technique for today's {GPUs}},
	booktitle = {Proc. of GDC: Advanced OpenGL Game Development},
	year = {2000}
	}
@inproceedings{Cabral:1987:BRF:37401.37434,
	author = {Cabral, Brian and Max, Nelson and Springmeyer, Rebecca},
	title = {Bidirectional reflection functions from surface bump maps},
	booktitle = {Proc. of ACM SIGGRAPH},
	year = {1987},
	pages = {273--281}
	}
	
@inproceedings{Becker:1993:STB:166117.166141,
	author = {Becker, Barry G. and Max, Nelson L.},
	title = {Smooth transitions between bump rendering algorithms},
	booktitle = {Proc. of ACM SIGGRAPH},
	year = {1993},
	pages = {183--190}
	}
	
@inproceedings{Westin:1992:PRF:133994.134075,
	author = {Westin, Stephen H. and Arvo, James R. and Torrance, Kenneth E.},
	title = {Predicting reflectance functions from complex surfaces},
	booktitle = {Proc. of ACM SIGGRAPH},
	year = {1992},
	pages = {255--264}
	}
	
@inproceedings{Olano:2010:LM:1730804.1730834,
	author = {Olano, Marc and Baker, Dan},
	title = {{LEAN} mapping},
	booktitle = {Proc. of ACM I3D},
	year = {2010},
	pages = {181--188}
	}
	
@inproceedings{Blinn:1977:MLR:563858.563893,
	author = {Blinn, James F.},
	title = {Models of light reflection for computer synthesized pictures},
	booktitle = {Proc. of ACM SIGGRAPH},
	pages = {192--198}
	}
	
@article{Phong:1975:ICG:360825.360839,
	author = {Phong, Bui Tuong},
	title = {Illumination for computer generated pictures},
	journal = {Commun. ACM},
	volume = {18},
	number = {6},
	year = {1975},
	pages = {311--317}
	}
	
@inproceedings{Heidrich:1999:RHS:311535.311554,
	author = {Heidrich, Wolfgang and Seidel, Hans-Peter},
	title = {Realistic, hardware-accelerated shading and lighting},
	booktitle = {Proc. of ACM SIGGRAPH},
	year = {1999},
	pages = {171--178}
	}
	
@inproceedings{Kautz:1999:IRA:311625.312153,
	author = {Kautz, Jan and McCool, Michael D.},
	title = {Interactive rendering with arbitrary {BRDFs} using separable approximations},
	booktitle = {ACM SIGGRAPH 99 Conference Abstracts and Applications},
	year = {1999},
	pages = {253}
	}
	
@article{Cook:1982:RMC:357290.357293,
	author = {Cook, R. L. and Torrance, K. E.},
	title = {A reflectance model for computer graphics},
	journal = {ACM Trans. Graph.},
	volume = {1},
	number = {1},
	year = {1982},
	pages = {7--24}
	}
	
@inproceedings{Ward:1992:MMA:133994.134078,
	author = {Ward, Gregory J.},
	title = {Measuring and modeling anisotropic reflection},
	booktitle = {Proc. of ACM SIGGRAPH},
	year = {1992},
	pages = {265--272}
	}
	
@inproceedings{Ashikmin:2000:MBG:344779.344814,
	author = {Ashikmin, Michael and Premo\v{z}e, Simon and Shirley, Peter},
	title = {A microfacet-based {BRDF} generator},
	booktitle = {Proc. of ACM SIGGRAPH},
	year = {2000},
	pages = {65--74}
	}
	
@book{Kilgard00apractical,
	author = {Petr Beckmann, Andr√© Spizzichino},
	title = {The scattering of electromagnetic waves from rough surfaces},
	year = {1963},
	pages = {503},
	publisher = {Pergamon Press},
	}
@inproceedings{Williams:1983:PP:800059.801126,
	author = {Williams, Lance},
	title = {Pyramidal parametrics},
	booktitle = {Proc. of ACM SIGGRAPH},
	year = {1983},
	pages = {1--11}
	}
	
@inproceedings{Cohen:1998:AS:280814.280832,
	author = {Cohen, Jonathan and Olano, Marc and Manocha, Dinesh},
	title = {Appearance-preserving simplification},
	booktitle = {Proc. of ACM SIGGRAPH},
	year = {1998},
	pages = {115--122}
	}
