%% LaTeX2e file `testbib.bib'
%% generated by the `filecontents' environment
%% from source `example' on 2013/04/21.
%%
@proceedings{sibgrapi2013,
 Address = {Arequipa, Per{\'u}},
 Booktitle = {Sibgrapi},
 Date-Modified = {2013-02-02 19:35:00 -0300},
 Month = {august},
 Publisher = {{IEEE}},
 Title = {Sibgrapi 2013, Proceedings of the XXVI Brazilian Symposium on Computer Graphics and Image Processing},
 Year = {2013}}

@inproceedings{Blinn:1978:SWS:800248.507101,
 author = {Blinn, James F.},
 title = {Simulation of wrinkled surfaces},
 booktitle = {Proceedings of the 5th annual conference on Computer graphics and interactive techniques},
 series = {SIGGRAPH '78},
 year = {1978},
 pages = {286--292},
 numpages = {7},
 url = {http://doi.acm.org/10.1145/800248.507101},
 doi = {10.1145/800248.507101},
 acmid = {507101},
 publisher = {ACM},
 address = {New York, NY, USA},
 }

@MISC{Kilgard00apractical,
 author = {Mark J. Kilgard},
 title = {A Practical and Robust Bump-mapping Technique for Today's GPUs},
 year = {2000}
 }
@inproceedings{Cabral:1987:BRF:37401.37434,
 author = {Cabral, Brian and Max, Nelson and Springmeyer, Rebecca},
 title = {Bidirectional reflection functions from surface bump maps},
 booktitle = {Proceedings of the 14th annual conference on Computer graphics and interactive techniques},
 series = {SIGGRAPH '87},
 year = {1987},
 isbn = {0-89791-227-6},
 pages = {273--281},
 numpages = {9},
 url = {http://doi.acm.org/10.1145/37401.37434},
 doi = {10.1145/37401.37434},
 acmid = {37434},
 publisher = {ACM},
 address = {New York, NY, USA},
 }

@inproceedings{Becker:1993:STB:166117.166141,
 author = {Becker, Barry G. and Max, Nelson L.},
 title = {Smooth transitions between bump rendering algorithms},
 booktitle = {Proceedings of the 20th annual conference on Computer graphics and interactive techniques},
 series = {SIGGRAPH '93},
 year = {1993},
 isbn = {0-89791-601-8},
 location = {Anaheim, CA},
 pages = {183--190},
 numpages = {8},
 url = {http://doi.acm.org/10.1145/166117.166141},
 doi = {10.1145/166117.166141},
 acmid = {166141},
 publisher = {ACM},
 address = {New York, NY, USA},
 keywords = {BRDF, animation, bump map, displacement map, rendering, surface detail, volume texture},
 }

@inproceedings{Westin:1992:PRF:133994.134075,
 author = {Westin, Stephen H. and Arvo, James R. and Torrance, Kenneth E.},
 title = {Predicting reflectance functions from complex surfaces},
 booktitle = {Proceedings of the 19th annual conference on Computer graphics and interactive techniques},
 series = {SIGGRAPH '92},
 year = {1992},
 isbn = {0-89791-479-1},
 pages = {255--264},
 numpages = {10},
 url = {http://doi.acm.org/10.1145/133994.134075},
 doi = {10.1145/133994.134075},
 acmid = {134075},
 publisher = {ACM},
 address = {New York, NY, USA},
 keywords = {BRDF, Monte Carlo, anisotropic reflection, spherical harmonics},
 }

@inproceedings{Olano:2010:LM:1730804.1730834,
 author = {Olano, Marc and Baker, Dan},
 title = {LEAN mapping},
 booktitle = {Proceedings of the 2010 ACM SIGGRAPH symposium on Interactive 3D Graphics and Games},
 series = {I3D '10},
 year = {2010},
 isbn = {978-1-60558-939-8},
 location = {Washington, D.C.},
 pages = {181--188},
 numpages = {8},
 url = {http://doi.acm.org/10.1145/1730804.1730834},
 doi = {10.1145/1730804.1730834},
 acmid = {1730834},
 publisher = {ACM},
 address = {New York, NY, USA},
 keywords = {MIP mapping, bump maps, shading models, texture filtering},
 }

@inproceedings{Blinn:1977:MLR:563858.563893,
 author = {Blinn, James F.},
 title = {Models of light reflection for computer synthesized pictures},
 booktitle = {Proceedings of the 4th annual conference on Computer graphics and interactive techniques},
 series = {SIGGRAPH '77},
 year = {1977},
 location = {San Jose, California},
 pages = {192--198},
 numpages = {7},
 url = {http://doi.acm.org/10.1145/563858.563893},
 doi = {10.1145/563858.563893},
 acmid = {563893},
 publisher = {ACM},
 address = {New York, NY, USA},
 keywords = {computer graphics, graphic display, hidden surface removal, shading},
 }

@article{Phong:1975:ICG:360825.360839,
 author = {Phong, Bui Tuong},
 title = {Illumination for computer generated pictures},
 journal = {Commun. ACM},
 issue_date = {June 1975},
 volume = {18},
 number = {6},
 month = jun,
 year = {1975},
 issn = {0001-0782},
 pages = {311--317},
 numpages = {7},
 url = {http://doi.acm.org/10.1145/360825.360839},
 doi = {10.1145/360825.360839},
 acmid = {360839},
 publisher = {ACM},
 address = {New York, NY, USA},
 keywords = {computer graphics, graphic display, hidden surface removal, shading},
 }

@inproceedings{Heidrich:1999:RHS:311535.311554,
 author = {Heidrich, Wolfgang and Seidel, Hans-Peter},
 title = {Realistic, hardware-accelerated shading and lighting},
 booktitle = {Proceedings of the 26th annual conference on Computer graphics and interactive techniques},
 series = {SIGGRAPH '99},
 year = {1999},
 isbn = {0-201-48560-5},
 pages = {171--178},
 numpages = {8},
 url = {http://dx.doi.org/10.1145/311535.311554},
 doi = {10.1145/311535.311554},
 acmid = {311554},
 publisher = {ACM Press/Addison-Wesley Publishing Co.},
 address = {New York, NY, USA},
 keywords = {frame buffer techniques, illumination effects, reflectance functions, rendering hardware, shading, texture mapping},
 }

@inproceedings{Kautz:1999:IRA:311625.312153,
 author = {Kautz, Jan and McCool, Michael D.},
 title = {Interactive rendering with arbitrary BRDFs using separable approximations},
 booktitle = {ACM SIGGRAPH 99 Conference abstracts and applications},
 series = {SIGGRAPH '99},
 year = {1999},
 isbn = {1-58113-103-8},
 location = {Los Angeles, California, USA},
 pages = {253--},
 url = {http://doi.acm.org/10.1145/311625.312153},
 doi = {10.1145/311625.312153},
 acmid = {312153},
 publisher = {ACM},
 address = {New York, NY, USA},
 }

@article{Cook:1982:RMC:357290.357293,
 author = {Cook, R. L. and Torrance, K. E.},
 title = {A Reflectance Model for Computer Graphics},
 journal = {ACM Trans. Graph.},
 issue_date = {Jan. 1982},
 volume = {1},
 number = {1},
 month = jan,
 year = {1982},
 issn = {0730-0301},
 pages = {7--24},
 numpages = {18},
 url = {http://doi.acm.org/10.1145/357290.357293},
 doi = {10.1145/357290.357293},
 acmid = {357293},
 publisher = {ACM},
 address = {New York, NY, USA},
 keywords = {image synthesis, reflectance},
 }

@inproceedings{Ward:1992:MMA:133994.134078,
 author = {Ward, Gregory J.},
 title = {Measuring and modeling anisotropic reflection},
 booktitle = {Proceedings of the 19th annual conference on Computer graphics and interactive techniques},
 series = {SIGGRAPH '92},
 year = {1992},
 isbn = {0-89791-479-1},
 pages = {265--272},
 numpages = {8},
 url = {http://doi.acm.org/10.1145/133994.134078},
 doi = {10.1145/133994.134078},
 acmid = {134078},
 publisher = {ACM},
 address = {New York, NY, USA},
 keywords = {Monte Carlo, raytracing, reflectance, shading},
 }

@inproceedings{Ashikmin:2000:MBG:344779.344814,
 author = {Ashikmin, Michael and Premo\v{z}e, Simon and Shirley, Peter},
 title = {A microfacet-based BRDF generator},
 booktitle = {Proceedings of the 27th annual conference on Computer graphics and interactive techniques},
 series = {SIGGRAPH '00},
 year = {2000},
 isbn = {1-58113-208-5},
 pages = {65--74},
 numpages = {10},
 url = {http://dx.doi.org/10.1145/344779.344814},
 doi = {10.1145/344779.344814},
 acmid = {344814},
 publisher = {ACM Press/Addison-Wesley Publishing Co.},
 address = {New York, NY, USA},
 keywords = {reflectance \& shading models, rendering},
 }

@book{Kilgard00apractical,
 author = {Petr Beckmann, Andr√© Spizzichino},
 title = {The scattering of electromagnetic waves from rough surfaces},
 year = {1963},
 pages = {503},
 publisher = {Pergamon Press},
 }
@inproceedings{Williams:1983:PP:800059.801126,
 author = {Williams, Lance},
 title = {Pyramidal parametrics},
 booktitle = {Proceedings of the 10th annual conference on Computer graphics and interactive techniques},
 series = {SIGGRAPH '83},
 year = {1983},
 isbn = {0-89791-109-1},
 location = {Detroit, Michigan, USA},
 pages = {1--11},
 numpages = {11},
 url = {http://doi.acm.org/10.1145/800059.801126},
 doi = {10.1145/800059.801126},
 acmid = {801126},
 publisher = {ACM},
 address = {New York, NY, USA},
 keywords = {Antialiasing, Illumination models, Modeling, Pyramidal data structures, Reflectance mapping, Texture mapping, Visible surface algorithms},
 }

@inproceedings{Cohen:1998:AS:280814.280832,
 author = {Cohen, Jonathan and Olano, Marc and Manocha, Dinesh},
 title = {Appearance-preserving simplification},
 booktitle = {Proceedings of the 25th annual conference on Computer graphics and interactive techniques},
 series = {SIGGRAPH '98},
 year = {1998},
 isbn = {0-89791-999-8},
 pages = {115--122},
 numpages = {8},
 url = {http://doi.acm.org/10.1145/280814.280832},
 doi = {10.1145/280814.280832},
 acmid = {280832},
 publisher = {ACM},
 address = {New York, NY, USA},
 keywords = {attributes, color, maps, normal, parameterization, simplification, texture},
 }
